%! Author = breandan
%! Date = 11/21/20

@misc{considine2019kotlingrad,
    author = {Considine, Breandan and Famelis, Michalis and Paull, Liam},
    title = {{Kotlin$\nabla$: A Shape-Safe e{DSL} for Differentiable Programming}},
    year = {2019},
    publisher = {GitHub},
    journal = {GitHub repository},
    howpublished = {\url{https://github.com/breandan/kotlingrad}},
}

@mastersthesis{considine2019programming,
    title = {{Programming Tools for Intelligent Systems}},
    author = {Considine, Breandan},
    year = {2019},
    school = {Universit{\'e} de Montr{\'e}al},
    url = {https://ndan.co/public/masters_thesis.pdf}
}

@inproceedings{hindle2012naturalness,
    title={On the naturalness of software},
    author={Hindle, Abram and Barr, Earl T and Su, Zhendong and Gabel, Mark and Devanbu, Premkumar},
    booktitle={2012 34th International Conference on Software Engineering (ICSE)},
    pages={837--847},
    year={2012},
    organization={IEEE},
    url = {https://doi.org/10.1145/2902362},
}

@article{allamanis2018survey,
    title={A survey of machine learning for big code and naturalness},
    author={Allamanis, Miltiadis and Barr, Earl T and Devanbu, Premkumar and Sutton, Charles},
    journal={ACM Computing Surveys (CSUR)},
    volume={51},
    number={4},
    pages={1--37},
    year={2018},
    publisher={ACM New York, NY, USA},
    url = {https://arxiv.org/pdf/1709.06182.pdf},
}

@misc{pierce2010software,
    author={Pierce, Benjamin C and Casinghino, Chris and Gaboardi, Marco and Greenberg, Michael and Hri{\c{t}}cu, C{\u{a}}t{\u{a}}lin and Sj{\"o}berg, Vilhelm and Yorgey, Brent},
    title={{Software Foundations}},
    howpublished={\url{https://softwarefoundations.cis.upenn.edu}},
    year={2020}
}

@book{baader1999term,
    title={Term Rewriting and All That},
    author={Baader, F. and Nipkow, T.},
    isbn={9780521779203},
    lccn={97028286},
    series={Term Rewriting and All that},
    url={https://books.google.ca/books?id=N7BvXVUCQk8C},
    year={1999},
    publisher={Cambridge University Press}
}

@InProceedings{felleisen1990expressive,
    author="Felleisen, Matthias",
    editor="Jones, Neil",
    title="On the expressive power of programming languages",
    booktitle="ESOP '90",
    year="1990",
    publisher="Springer Berlin Heidelberg",
    address="Berlin, Heidelberg",
    pages="134--151",
    isbn="978-3-540-47045-8",
    url = {https://doi.org/10.1007/3-540-52592-0_60},
}

@book{pearl2014probabilistic,
    title={Probabilistic reasoning in intelligent systems: networks of plausible inference},
    author={Pearl, Judea},
    year={2014},
    publisher={Elsevier}
}

@inproceedings{niepert2010probabilistic,
    title={A Probabilistic-Logical Framework for Ontology Matching},
    author={Niepert, Mathias and Meilicke, Christian and Stuckenschmidt, Heiner},
    booktitle={AAAI},
    pages={1413--1418},
    year={2010},
    organization={Citeseer}
}

@misc{chen2020metamorphic,
    title={Metamorphic Testing: A New Approach for Generating Next Test Cases},
    author={T. Y. Chen and S. C. Cheung and S. M. Yiu},
    year={2020},
    eprint={2002.12543},
    archivePrefix={arXiv},
    primaryClass={cs.SE},
    url = {https://arxiv.org/pdf/2002.12543.pdf},
}

@article{bar1961formal,
    title={On formal properties of simple phrase structure grammars},
    author={Bar-Hillel, Yehoshua and Perles, Micha and Shamir, Eli},
    journal={Sprachtypologie und Universalienforschung},
    volume={14},
    pages={143--172},
    year={1961},
    publisher={Akademie-Verlag}
}

@book{kepner2011graph,
    title={Graph algorithms in the language of linear algebra},
    author={Kepner, Jeremy and Gilbert, John},
    year={2011},
    publisher={SIAM}
}

@article{miller1988efficient,
    title={Efficient parallel evaluation of straight-line code and arithmetic circuits},
    author={Miller, Gary L and Ramachandran, Vijaya and Kaltofen, Erich},
    journal={SIAM Journal on Computing},
    volume={17},
    number={4},
    pages={687--695},
    year={1988},
    publisher={SIAM},
    url = {https://users.cs.duke.edu/~elk27/bibliography/88/MRK88.pdf},
}

@article{dagum1993approximating,
    title={Approximating probabilistic inference in Bayesian belief networks is NP-hard},
    author={Dagum, Paul and Luby, Michael},
    journal={Artificial intelligence},
    volume={60},
    number={1},
    pages={141--153},
    year={1993},
    publisher={Elsevier}
}

@article{choi2020probabilistic,
    title={Probabilistic {C}ircuits: A Unifying Framework for Tractable Probabilistic Models},
    author={Choi, YooJung and Vergari, Antonio and Van den Broeck, Guy},
    url = {http://starai.cs.ucla.edu/papers/ProbCirc20.pdf},
    year={2020},
}

@inproceedings{kepner2016mathematical,
    title={Mathematical foundations of the {GraphBLAS}},
    author={Kepner, Jeremy and Aaltonen, Peter and Bader, David and others},
    booktitle={2016 IEEE High Performance Extreme Computing Conference (HPEC)},
    pages={1--9},
    year={2016},
    organization={IEEE}
}

@article{allamanis2017learning,
    title={Learning to represent programs with graphs},
    author={Allamanis, Miltiadis and Brockschmidt, Marc and Khademi, Mahmoud},
    journal={arXiv preprint arXiv:1711.00740},
    year={2017}
}

@article{reps1998program,
    title={Program analysis via graph reachability},
    author={Reps, Thomas},
    journal={Information and software technology},
    year={1998},
    publisher={Elsevier},
    url = {https://research.cs.wisc.edu/wpis/papers/tr1386.pdf},
}

@article{sanfeliu1983distance,
    title={A distance measure between attributed relational graphs for pattern recognition},
    author={Sanfeliu, Alberto and Fu, King-Sun},
    journal={IEEE transactions on systems, man, and cybernetics},
    number={3},
    pages={353--362},
    year={1983},
    publisher={IEEE}
}

@article{mokhov2017algebraic,
    title={Algebraic graphs with class},
    author={Mokhov, Andrey},
    journal={ACM SIGPLAN Notices},
    year={2017},
    url = {https://eprints.ncl.ac.uk/file_store/production/239461/EF82F5FE-66E3-4F64-A1AC-A366D1961738.pdf},
}

@article{willsey2020egg,
    title={egg: Easy, Efficient, and Extensible E-graphs},
    author={Willsey, Max and Wang, Yisu Remy and Flatt, Oliver and others},
    journal={arXiv preprint arXiv:2004.03082},
    year={2020},
    url = {https://arxiv.org/pdf/2004.03082.pdf},
}

@article{weisfeiler1968reduction,
    title={The reduction of a graph to canonical form and the algebgra which appears therein},
    author={Weisfeiler, B and Leman, A},
    journal={NTI, Series},
    volume={2},
    year={1968},
    url = {https://www.iti.zcu.cz/wl2018/pdf/wl_paper_translation.pdf},
}

@article{breuleux2017automatic,
    title={Automatic differentiation in {M}yia},
    author={Breuleux, Olivier and van Merri{\"e}nboer, Bart},
    year={2017},
    url = {https://mlsys.org/Conferences/doc/2018/39.pdf},
}

@inproceedings{rich2009knowledge,
    title={A knowledge repository for indefinite integration based on transformation rules},
    author={Rich, Albert D and Jeffrey, David J},
    booktitle={International Conference on Intelligent Computer Mathematics},
    pages={480--485},
    year={2009},
    organization={Springer}
}

@inproceedings{bergstra2010theano,
    title={Theano: a {CPU} and {GPU} math expression compiler},
    author={Bergstra, James and Breuleux, Olivier and Bastien, Fr{\'e}d{\'e}ric and Lamblin, Pascal and Pascanu, Razvan and Desjardins, Guillaume and Turian, Joseph and Warde-Farley, David and Bengio, Yoshua},
    booktitle={Proceedings of the Python for scientific computing conference (SciPy)},
    volume={4},
    number={3},
    pages={1--7},
    year={2010},
    organization={Austin, TX}
}

@incollection{megill2006metamath,
    title={Metamath},
    author={Megill, Norman},
    booktitle={The Seventeen Provers of the World},
    pages={88--95},
    year={2006},
    publisher={Springer}
}

@article{rich2018rule,
    title={Rule-based integration: An extensive system of symbolic integration rules},
    author={Rich, Albert and Scheibe, Patrick and Abbasi, Nasser M},
    journal={Journal of Open Source Software},
    volume={3},
    number={32},
    pages={1073},
    year={2018}
}

@article{swat2016probonto,
    title={Prob{O}nto: ontology and knowledge base of probability distributions},
    author={Swat, Maciej J and Grenon, Pierre and Wimalaratne, Sarala},
    journal={Bioinformatics},
    volume={32},
    number={17},
    pages={2719--2721},
    year={2016},
    publisher={Oxford University Press}
}

@article{james2020digging,
    title={Digging for fold: synthesis-aided {API} discovery for {H}askell},
    author={James, Michael B and Guo, Zheng and Wang, Ziteng and Doshi, Shivani and Peleg, Hila and Jhala, Ranjit and Polikarpova, Nadia},
    journal={Proceedings of the ACM on Programming Languages},
    volume={4},
    number={OOPSLA},
    pages={1--27},
    year={2020},
    publisher={ACM New York, NY, USA}
}

@article{hogan2021knowledge,
    title={Knowledge graphs},
    author={Hogan, Aidan and Blomqvist, Eva and Cochez, Michael and others},
    journal={Synthesis Lectures on Data, Semantics, and Knowledge},
    year={2021},
    publisher={Morgan \& Claypool Publishers},
    url = {https://dl.acm.org/doi/pdf/10.1145/3447772},
}

@inproceedings{nozik2019kotlin,
    title={Kotlin language for science and Kmath library},
    author={Nozik, Alexander},
    booktitle={AIP Conference Proceedings},
    volume={2163},
    number={1},
    pages={040004},
    year={2019},
    organization={AIP Publishing LLC}
}

@phdthesis{morris1969lambda,
    title={Lambda-calculus models of programming languages.},
    author={Morris Jr, James Hiram},
    year={1969},
    school={Massachusetts Institute of Technology},
    url = {https://dspace.mit.edu/bitstream/handle/1721.1/64850/23882173-MIT.pdf},
}

@book{godel1929vollstandigkeit,
    title={{\"U}ber die vollst{\"a}ndigkeit des logikkalk{\"u}ls},
    author={G{\"o}del, Kurt},
    year={1929},
    publisher={na}
}

@article{godel1931formal,
    title={{\"U}ber formal unentscheidbare S{\"a}tze der Principia Mathematica und verwandter Systeme I},
    author={G{\"o}del, Kurt},
    journal={Monatshefte f{\"u}r mathematik und physik},
    volume={38},
    number={1},
    pages={173--198},
    year={1931},
    publisher={Springer}
}

@article{turing1937computable,
    title={On computable numbers, with an application to the Entscheidungsproblem},
    author={Turing, Alan Mathison},
    journal={Proceedings of the London mathematical society},
    volume={2},
    number={1},
    pages={230--265},
    year={1937},
    publisher={Wiley Online Library}
}

@inproceedings{richardson1994identity,
    title={The identity problem for elementary functions and constants},
    author={Richardson, Dan and Fitch, John},
    booktitle={Proceedings of the international symposium on Symbolic and algebraic computation},
    pages={285--290},
    year={1994}
}

@article{rice1953classes,
    title={Classes of recursively enumerable sets and their decision problems},
    author={Rice, Henry Gordon},
    journal={Transactions of the American Mathematical Society},
    volume={74},
    number={2},
    pages={358--366},
    year={1953},
    publisher={JSTOR}
}

@article{mercer1909functions,
    title={Functions of positive and negative type, and their connection the theory of integral equations},
    author={Mercer, James},
    journal={Philosophical transactions of the royal society of London. Series A, containing papers of a mathematical or physical character},
    volume={209},
    number={441-458},
    pages={415--446},
    year={1909},
    publisher={The Royal Society London}
}

@article{shervashidze2009fast,
    title={Fast subtree kernels on graphs},
    author={Shervashidze, Nino and Borgwardt, Karsten},
    journal={Advances in neural information processing systems},
    volume={22},
    pages={1660--1668},
    year={2009}
}

@article{shervashidze2011weisfeiler,
    title={Weisfeiler-{L}ehman graph kernels},
    author={Shervashidze, Nino and Schweitzer, Pascal and Van Leeuwen, Erik Jan and Mehlhorn, Kurt and Borgwardt, Karsten M},
    journal={Journal of Machine Learning Research},
    volume={12},
    number={9},
    year={2011}
}

@article{lodhi2002text,
    title={Text classification using string kernels},
    author={Lodhi, Huma and Saunders, Craig and Shawe-Taylor, John and Cristianini, Nello and Watkins, Chris},
    journal={Journal of Machine Learning Research},
    volume={2},
    number={Feb},
    pages={419--444},
    year={2002}
}

@article{hamilton2020graph,
    title={Graph representation learning},
    author={Hamilton, William L},
    journal={Synthesis Lectures on Artifical Intelligence and Machine Learning},
    volume={14},
    number={3},
    pages={1--159},
    year={2020},
    publisher={Morgan \& Claypool Publishers},
    url = {https://www.cs.mcgill.ca/~wlh/grl_book/files/GRL_Book.pdf},
}

@book{pearl1985graphoids,
    title={Graphoids: A graph-based logic for reasoning about relevance relations},
    author={Pearl, Judea and Paz, Azaria},
    year={1985},
    publisher={University of California (Los Angeles). Computer Science Department},
    url = {http://ftp.cs.ucla.edu/pub/stat_ser/r53-L.pdf#page=7},
}

@misc{jordan2003introduction,
    title={An introduction to probabilistic graphical models},
    author={Jordan, Michael I},
    year={2003},
    publisher={preparation}
}

@book{koller2009probabilistic,
    title={Probabilistic graphical models: principles and techniques},
    author={Koller, Daphne and Friedman, Nir},
    year={2009},
    publisher={MIT press}
}

@article{cooper1990computational,
    title={The computational complexity of probabilistic inference using {B}ayesian belief networks},
    author={Cooper, Gregory F},
    journal={Artificial intelligence},
    volume={42},
    number={2-3},
    pages={393--405},
    year={1990},
    publisher={Elsevier}
}

@article{darwiche2003differential,
    title={A differential approach to inference in {B}ayesian networks},
    author={Darwiche, Adnan},
    journal={Journal of the ACM (JACM)},
    volume={50},
    number={3},
    pages={280--305},
    year={2003},
    publisher={ACM New York, NY, USA}
}

@inproceedings{zhao2015relationship,
    title={On the relationship between sum-product networks and {B}ayesian networks},
    author={Zhao, Han and Melibari, Mazen and Poupart, Pascal},
    booktitle={International Conference on Machine Learning},
    pages={116--124},
    year={2015}
}

@article{butz2019sum,
    title={Sum-Product Network Decompilation},
    author={Butz, Cory J and Oliveira, Jhonatan S and Peharz, Robert},
    journal={arXiv preprint arXiv:1912.10092},
    year={2019}
}

@article{belle2016semiring,
    title={Semiring Programming: A Declarative Framework for Generalized Sum Product Problems},
    author={Belle, Vaishak and De Raedt, Luc},
    journal={arXiv preprint arXiv:1609.06954},
    year={2016}
}

@inproceedings{dolan2013fun,
    title={Fun with semirings: a functional pearl on the abuse of linear algebra},
    author={Dolan, Stephen},
    booktitle={Proceedings of the 18th ACM SIGPLAN international conference on Functional programming},
    pages={101--110},
    year={2013},
    url = {https://www.cs.tufts.edu/~nr/cs257/archive/stephen-dolan/thesis.pdf},
}

@article{10.1145/2544174.2500576,
    author = {Bernardy, Jean-Philippe and Claessen, Koen},
    title = {Efficient Divide-and-Conquer Parsing of Practical Context-Free Languages},
    year = {2013},
    issue_date = {September 2013},
    publisher = {Association for Computing Machinery},
    address = {New York, NY, USA},
    volume = {48},
    number = {9},
    issn = {0362-1340},
    url = {https://doi.org/10.1145/2544174.2500576},
    doi = {10.1145/2544174.2500576},
    abstract = {We present a divide-and-conquer algorithm for parsing context-free languages efficiently. Our algorithm is an instance of Valiant's (1975), who reduced the problem of parsing to matrix multiplications. We show that, while the conquer step of Valiant's is O(n3) in the worst case, it improves to O(logn3), under certain conditions satisfied by many useful inputs. These conditions occur for example in program texts written by humans. The improvement happens because the multiplications involve an overwhelming majority of empty matrices. This result is relevant to modern computing: divide-and-conquer algorithms can be parallelized relatively easily.},
    journal = {SIGPLAN Not.},
    month = sep,
    pages = {111–122},
    numpages = {12},
    keywords = {complexity, context-free languages, divide-and-conquer, iteration, parsing}
}

@article{cohen2016parsing,
    title={Parsing linear context-free rewriting systems with fast matrix multiplication},
    author={Cohen, Shay B and Gildea, Daniel},
    journal={Computational Linguistics},
    volume={42},
    number={3},
    pages={421--455},
    year={2016},
    publisher={MIT Press One Rogers Street, Cambridge, MA 02142-1209, USA journals-info~…}
}

@inproceedings{bernady2013efficient,
    author = {Bernardy, Jean-Philippe and Claessen, Koen},
    title = {Efficient Divide-and-Conquer Parsing of Practical Context-Free Languages},
    year = {2013},
    isbn = {9781450323260},
    publisher = {Association for Computing Machinery},
    address = {New York, NY, USA},
    url = {https://doi.org/10.1145/2500365.2500576},
    doi = {10.1145/2500365.2500576},
    booktitle = {Proceedings of the 18th ACM SIGPLAN International Conference on Functional Programming},
    pages = {111–122},
    numpages = {12},
    keywords = {parsing, divide-and-conquer, complexity, context-free languages, iteration},
    location = {Boston, Massachusetts, USA},
    series = {ICFP '13}
}

@book{kolmogorov2018foundations,
    title={Foundations of the theory of probability: Second English Edition},
    author={Kolmogorov, Andrei Nikolaevich and Bharucha-Reid, Albert T},
    year={2018},
    publisher={Courier Dover Publications}
}

@misc{kolmogorov1933grundbegriffe,
    title={Grundbegriffe der {W}ahrscheinlichkeitsrechnung},
    author={Kolmogorov, Andrei Nikolaevich},
    series={Ergebnisse der Mathematik und ihrer Grenzgebiete},
    year={1933}
}

@inproceedings{friesen2016sum,
    title={The sum-product theorem: A foundation for learning tractable models},
    author={Friesen, Abram and Domingos, Pedro},
    booktitle={International Conference on Machine Learning},
    pages={1909--1918},
    year={2016}
}

@inproceedings{gens2013learning,
    title={Learning the structure of sum-product networks},
    author={Gens, Robert and Domingos, Pedro},
    booktitle={International conference on machine learning},
    pages={873--880},
    year={2013}
}

@article{bacci2020quantitative,
    title={Quantitative Equational Reasoning},
    author={Bacci, Giorgio and Mardare, Radu and Panangaden, Prakash and Plotkin, Gordon},
    journal={Foundations of Probabilistic Programming},
    pages={333},
    year={2020},
    publisher={Cambridge University Press}
}

@article{bayes1763essay,
    title={An essay toward solving a problem in the doctrine of chances.},
    author={Bayes', Thomas},
    journal={Philosophical Transactions},
    pages={1683--1775},
    year={1763}
}


@inproceedings{carette2016simplifying,
    title={Simplifying probabilistic programs using computer algebra},
    author={Carette, Jacques and Shan, Chung-chieh},
    booktitle={International Symposium on Practical Aspects of Declarative Languages},
    pages={135--152},
    year={2016},
    organization={Springer},
    url={ftp://html.soic.indiana.edu/pub/techreports/TR719.pdf},
}

@article{willard2020minikanren,
    title={mini{K}anren as a Tool for Symbolic Computation in Python},
    author={Willard, Brandon T},
    journal={arXiv preprint arXiv:2005.11644},
    year={2020},
    url={https://arxiv.org/pdf/2005.11644.pdf},
}

@article{levy1925calcul,
    title={Calcul des probabilit{\'e}s},
    author={L{\'e}vy, Paul},
    year={1925},
    publisher={J. Gabay}
}

@article{fubini1907sugli,
    title={Sugli integrali multipli},
    author={Fubini, Guido},
    journal={Rend. Acc. Naz. Lincei},
    volume={16},
    pages={608--614},
    year={1907}
}

@article{ellis2016sampling,
    title={Sampling for bayesian program learning},
    author={Ellis, Kevin and Solar-Lezama, Armando and Tenenbaum, Josh},
    year={2016},
    publisher={Neural Information Processing Systems Foundation}
}

@misc{chaing2020named,
    title = {Named Tensor Notation},
    author = {Chiang, David and Rush, Sasha and Barak, Boaz},
    url = {https://namedtensor.github.io/},
}

@inproceedings{premtoon2020semantic,
    title={Semantic code search via equational reasoning.},
    author={Premtoon, Varot and Koppel, James and Solar-Lezama, Armando},
    booktitle={PLDI},
    pages={1066--1082},
    year={2020}
}

@inproceedings{gu2018deep,
    title={Deep code search},
    author={Gu, Xiaodong and Zhang, Hongyu and Kim, Sunghun},
    booktitle={2018 IEEE/ACM 40th International Conference on Software Engineering (ICSE)},
    pages={933--944},
    year={2018},
    organization={IEEE}
}

@article{ekman2007pluggable,
    url = {http://www.jot.fm/issues/issue_2007_10/paper23.pdf},
    title={Pluggable checking and inferencing of nonnull types for {J}ava},
    author={Ekman, Torbj{\"o}rn and Hedin, G{\"o}rel},
    journal={Journal of Object Technology},
    volume={6},
    number={9},
    pages={455--475},
    year={2007},
    publisher={Citeseer},
}

@inproceedings{si2018learning,
    url = {https://papers.nips.cc/paper/8001-learning-loop-invariants-for-program-verification.pdf},
    title={Learning loop invariants for program verification},
    author={Si, Xujie and Dai, Hanjun and Raghothaman, Mukund and Naik, Mayur and Song, Le},
    booktitle={Advances in Neural Information Processing Systems},
    pages={7751--7762},
    year={2018},
}

@inproceedings{kovalenko2019pathminer,
    url = {https://github.com/JetBrains-Research/astminer},
    title={Path{M}iner: a library for mining of path-based representations of code},
    author={Kovalenko, Vladimir and Bogomolov, Egor and Bryksin, Timofey and Bacchelli, Alberto},
    booktitle={Proceedings of the 16th International Conference on Mining Software Repositories},
    pages={13--17},
    year={2019},
    organization={IEEE Press},
}

@article{liddell2019analyzing,
    url = {https://scholarworks.uark.edu/cgi/viewcontent.cgi?article=3346&context=jaas},
    title={Analyzing the Adoption Rate of Local Variable Type Inference in Open-source {J}ava 10 Projects},
    author={Liddell, Clayton and Kim, Donghoon},
    journal={Journal of the Arkansas Academy of Science},
    volume={73},
    number={1},
    pages={51--54},
    year={2019},
}

@inproceedings{sagae2008shift,
    url = {https://www.aclweb.org/anthology/C08-1095.pdf},
    title={Shift-reduce dependency {DAG} parsing},
    author={Sagae, Kenji and Tsujii, Jun'ichi},
    booktitle={Proceedings of the 22nd International Conference on Computational Linguistics-Volume 1},
    pages={753--760},
    year={2008},
    organization={Association for Computational Linguistics},
}

@inproceedings{quernheim2012dagger,
    url = {https://www.aclweb.org/anthology/W12-6207.pdf},
    title={Dagger: A toolkit for automata on directed acyclic graphs},
    author={Quernheim, Daniel and Knight, Kevin},
    booktitle={Proceedings of the 10th International Workshop on Finite State Methods and Natural Language Processing},
    pages={40--44},
    year={2012},
}

@inproceedings{henkel2018code,
    url = {https://arxiv.org/pdf/1803.06686.pdf},
    title={Code vectors: Understanding programs through embedded abstracted symbolic traces},
    author={Henkel, Jordan and Lahiri, Shuvendu K and Liblit, Ben and Reps, Thomas},
    booktitle={Proceedings of the 26th ACM Joint Meeting on European Software Engineering Conference and Symposium on the Foundations of Software Engineering},
    year={2018},
}

@inproceedings{vinyals2015pointer,
    url = {https://arxiv.org/pdf/1506.03134.pdf},
    title={Pointer networks},
    author={Vinyals, Oriol and Fortunato, Meire and Jaitly, Navdeep},
    booktitle={Advances in neural information processing systems},
    pages={2692--2700},
    year={2015},
}

@article{grella2018non,
    url = {https://arxiv.org/pdf/1802.02116.pdf},
    title={Non-Projective Dependency Parsing via Latent Heads Representation {LHR}},
    author={Grella, Matteo and Cangialosi, Simone},
    journal={arXiv preprint arXiv:1802.02116},
    year={2018},
}

@inproceedings{panthaplackel2020associating,
    url={https://arxiv.org/pdf/1912.06728.pdf},
    author={Sheena Panthaplackel and Milos Gligoric and Raymond J. Mooney and Junyi Jessy Li},
    title={Associating Natural Language Comment and Source Code Entities},
    booktitle={AAAI},
    year={2020},
}

@article{li2017code,
    url={https://www.ijcai.org/Proceedings/2018/0578.pdf},
    title={Code completion with neural attention and pointer networks},
    author={Li, Jian and Wang, Yue and Lyu, Michael R and King, Irwin},
    journal={arXiv preprint arXiv:1711.09573},
    year={2017},
}

@inproceedings{yang2016hierarchical,
    url={https://www.cs.cmu.edu/~./hovy/papers/16HLT-hierarchical-attention-networks.pdf},
    title={Hierarchical attention networks for document classification},
    author={Yang, Zichao and Yang, Diyi and Dyer, Chris and He, Xiaodong and Smola, Alex and Hovy, Eduard},
    booktitle={Proceedings of the 2016 conference of the North American chapter of the association for computational linguistics: human language technologies},
    pages={1480--1489},
    year={2016},
}

@inproceedings{gu2016deep,
    url = {https://arxiv.org/pdf/1605.08535.pdf},
    title={Deep {API} learning},
    author={Gu, Xiaodong and Zhang, Hongyu and Zhang, Dongmei and Kim, Sunghun},
    booktitle={Proceedings of the 2016 24th ACM SIGSOFT International Symposium on Foundations of Software Engineering},
    pages={631--642},
    year={2016},
}

@article{ma2018stack,
    url = {https://arxiv.org/pdf/1805.01087.pdf},
    title={Stack-pointer networks for dependency parsing},
    author={Ma, Xuezhe and Hu, Zecong and Liu, Jingzhou and Peng, Nanyun and Neubig, Graham and Hovy, Eduard},
    journal={arXiv preprint arXiv:1805.01087},
    year={2018},
}

@article{lample2016neural,
    url = {https://arxiv.org/pdf/1603.01360.pdf},
    title={Neural architectures for named entity recognition},
    author={Lample, Guillaume and Ballesteros, Miguel and Subramanian, Sandeep and Kawakami, Kazuya and Dyer, Chris},
    journal={arXiv preprint arXiv:1603.01360},
    year={2016},
}

@article{vinyals2015order,
    url = {https://arxiv.org/pdf/1511.06391.pdf},
    title={Order matters: Sequence to sequence for sets},
    author={Vinyals, Oriol and Bengio, Samy and Kudlur, Manjunath},
    journal={arXiv preprint arXiv:1511.06391},
    year={2015},
}

@inproceedings{zhang2018link,
    url = {https://papers.nips.cc/paper/7763-link-prediction-based-on-graph-neural-networks.pdf},
    title={Link prediction based on graph neural networks},
    author={Zhang, Muhan and Chen, Yixin},
    booktitle={Advances in Neural Information Processing Systems},
    pages={5165--5175},
    year={2018},
}

@article{robillard2015recommending,
    url = {https://www.cs.mcgill.ca/~martin/papers/cr2014a.pdf},
    title={Recommending reference {API} documentation},
    author={Robillard, Martin P and Chhetri, Yam B},
    journal={Empirical Software Engineering},
    volume={20},
    number={6},
    pages={1558--1586},
    year={2015},
    publisher={Springer},
}

@inproceedings{manning2014stanford,
    url={https://nlp.stanford.edu/pubs/StanfordCoreNlp2014.pdf},
    title={The Stanford Core{NLP} natural language processing toolkit},
    author={Manning, Christopher D and Surdeanu, Mihai and Bauer, John and Finkel, Jenny Rose and Bethard, Steven and McClosky, David},
    booktitle={Proceedings of 52nd annual meeting of the association for computational linguistics: system demonstrations},
    pages={55--60},
    year={2014},
}

@misc{blasi17semantic,
    url = {http://sattose.wdfiles.com/local--files/2017:schedule/SATToSE_2017_paper_24.pdf},
    title={Semantic-based analysis of Javadoc comments},
    author={Blasi, Arianna and Kuznetsov, Konstantin and Goffi, Alberto and Castellanos, Sergio Delgado and Gorla, Alessandra and Ernst, Michael D and PEZZ, M},
    publisher={SATToSE},
}

@inproceedings{10.1145/2889160.2892658,
    url = {https://doi.org/10.1145/2889160.2892658},
    author = {Van Nguyen, Thanh and Nguyen, Anh Tuan and Nguyen, Tien N.},
    title = {Characterizing {API} Elements in Software Documentation with Vector Representation},
    year = {2016},
    isbn = {9781450342056},
    publisher = {Association for Computing Machinery},
    address = {New York, NY, USA},
    doi = {10.1145/2889160.2892658},
    booktitle = {Proceedings of the 38th International Conference on Software Engineering Companion},
    pages = {749–751},
    numpages = {3},
    keywords = {software documentation, software libraries, Word2Vec},
    location = {Austin, Texas},
    series = {ICSE ’16}
}

@inproceedings{treude2016augmenting,
    url = {https://doi.org/10.1145/2884781.2884800},
    author = {Treude, Christoph and Robillard, Martin P.},
    title = {Augmenting {API} Documentation with Insights from {Stack Overflow}},
    year = {2016},
    isbn = {9781450339001},
    publisher = {Association for Computing Machinery},
    address = {New York, NY, USA},
    doi = {10.1145/2884781.2884800},
    booktitle = {Proceedings of the 38th International Conference on Software Engineering},
    pages = {392–403},
    numpages = {12},
    keywords = {stack overflow, API documentation, insight sentences},
    location = {Austin, Texas},
    series = {ICSE ’16}
}

@inproceedings{liu2019neural,
    url = {https://doi.org/10.1145/3361242.3362774},
    author = {Liu, Bohong and Wang, Tao and Zhang, Xunhui and Fan, Qiang and Yin, Gang and Deng, Jinsheng},
    title = {A Neural-Network Based Code Summarization Approach by Using Source Code and Its Call Dependencies},
    year = {2019},
    isbn = {9781450377010},
    publisher = {Association for Computing Machinery},
    address = {New York, NY, USA},
    doi = {10.1145/3361242.3362774},
    booktitle = {Proceedings of the 11th Asia-Pacific Symposium on Internetware},
    articleno = {Article 12},
    numpages = {10},
    keywords = {Call Dependency, Open Source, Neural Network, Code Summarization},
    location = {Fukuoka, Japan},
    series = {Internetware ’19}
}

@inproceedings{robillard2017demand,
    url={https://www.cs.mcgill.ca/~martin/papers/icsme2017nier-od3.pdf.pdf},
    title={On-demand developer documentation},
    author={Robillard, Martin P and Marcus, Andrian and Treude, Christoph and Bavota, Gabriele and Chaparro, Oscar and Ernst, Neil and Gerosa, Marco Aur{\'e}lio and Godfrey, Michael and Lanza, Michele and Linares-V{\'a}squez, Mario and others},
    booktitle={2017 IEEE International Conference on Software Maintenance and Evolution (ICSME)},
    pages={479--483},
    year={2017},
    organization={IEEE}
}

@inproceedings{hosseini2013javaparser,
    url={http://ceur-ws.org/Vol-1009/0907.pdf},
    title={Java{P}arser: A fine-grain concept indexing tool for {J}ava problems},
    author={Hosseini, Roya and Brusilovsky, Peter},
    booktitle={CEUR Workshop Proceedings},
    volume={1009},
    pages={60--63},
    year={2013},
    organization={University of Pittsburgh}
}

@book{parr2013definitive,
    title={The definitive {ANTLR} 4 reference},
    author={Parr, Terence},
    year={2013},
    publisher={Pragmatic Bookshelf}
}

@article{hedley2009jsoup,
    url={https://jsoup.org},
    title={jsoup: {J}ava {HTML} parser},
    author={Hedley, Jonathan},
    year={2009}
}

@article{reddy2016transforming,
    url = {https://www.mitpressjournals.org/doi/pdf/10.1162/tacl_a_00088},
    title={Transforming dependency structures to logical forms for semantic parsing},
    author={Reddy, Siva and T{\"a}ckstr{\"o}m, Oscar and Collins, Michael and Kwiatkowski, Tom and Das, Dipanjan and Steedman, Mark and Lapata, Mirella},
    journal={Transactions of the Association for Computational Linguistics},
    volume={4},
    pages={127--140},
    year={2016},
    publisher={MIT Press},
}

@article{beidi2019slide,
    url       = {http://arxiv.org/abs/1903.03129},
    author    = {Beidi Chen and
               Tharun Medini and
               Anshumali Shrivastava},
    title     = {{SLIDE}: In Defense of Smart Algorithms over Hardware Acceleration
               for Large-Scale Deep Learning Systems},
    journal   = {CoRR},
    volume    = {abs/1903.03129},
    year      = {2019},
    archivePrefix = {arXiv},
    eprint    = {1903.03129},
    timestamp = {Sun, 31 Mar 2019 19:01:24 +0200},
    biburl    = {https://dblp.org/rec/journals/corr/abs-1903-03129.bib},
    bibsource = {dblp computer science bibliography, https://dblp.org}
}

@article{iyer2018mapping,
    url = {https://arxiv.org/pdf/1808.09588.pdf},
    title={Mapping language to code in programmatic context},
    author={Iyer, Srinivasan and Konstas, Ioannis and Cheung, Alvin and Zettlemoyer, Luke},
    journal={arXiv preprint arXiv:1808.09588},
    year={2018},
}

@inproceedings{raiman2018deeptype,
    url = {https://www.aaai.org/ocs/index.php/AAAI/AAAI18/paper/download/17148/16094},
    title={Deep{T}ype: multilingual entity linking by neural type system evolution},
    author={Raiman, Jonathan Raphael and Raiman, Olivier Michel},
    booktitle={Thirty-Second AAAI Conference on Artificial Intelligence},
    year={2018},
}

@article{glushkov1961abstract,
    url={https://doi.org/10.1070%2Frm1961v016n05abeh004112},
    title={The abstract theory of automata},
    author={Glushkov, Victor Mikhaylovich},
    journal={Russian Mathematical Surveys},
    volume={16},
    number={5},
    pages={1},
    year={1961},
    publisher={IOP Publishing}
}

@article{rabin1959finite,
    url={http://www.cse.chalmers.se/~coquand/AUTOMATA/rs.pdf},
    title={Finite automata and their decision problems},
    author={Rabin, Michael O and Scott, Dana},
    journal={IBM journal of research and development},
    volume={3},
    number={2},
    pages={114--125},
    year={1959},
    publisher={IBM}
}

@inproceedings{arden1961delayed,
    url={https://doi.org/10.1109/FOCS.1961.13},
    title={Delayed-logic and finite-state machines},
    author={Arden, Dean N},
    booktitle={2nd Annual Symposium on Switching Circuit Theory and Logical Design (SWCT 1961)},
    pages={133--151},
    year={1961},
    organization={IEEE}
}

@inproceedings{terrasa2018using,
    url={https://www.aaai.org/ocs/index.php/WS/AAAIW18/paper/view/16821/15657},
    title={Using Natural Language Processing for Documentation Assist},
    author={Terrasa, Alexandre and Privat, Jean and Tremblay, Guy},
    booktitle={Workshops at the Thirty-Second AAAI Conference on Artificial Intelligence},
    year={2018}
}

@article{pin2010mathematical,
    url = {https://www.irif.fr/~jep/PDF/MPRI/MPRI.pdf},
    title={Mathematical foundations of automata theory},
    author={Pin, Jean-{\'E}ric},
}

@inproceedings{ganea2016probabilistic,
    url = {https://arxiv.org/pdf/1509.02301.pdf},
    title={Probabilistic bag-of-hyperlinks model for entity linking},
    author={Ganea, Octavian-Eugen and Ganea, Marina and Lucchi, Aurelien and Eickhoff, Carsten and Hofmann, Thomas},
    booktitle={Proceedings of the 25th International Conference on World Wide Web},
    pages={927--938},
    year={2016},
}

@article{bose2019meta,
    url = {https://arxiv.org/pdf/1912.09867.pdf},
    title={Meta-Graph: Few shot Link Prediction via Meta Learning},
    author={Bose, Avishek Joey and Jain, Ankit and Molino, Piero and Hamilton, William L},
    journal={arXiv preprint arXiv:1912.09867},
    year={2019},
}

@article{brzozowski1964derivatives,
    title={Derivatives of regular expressions},
    author={Brzozowski, Janusz A},
    journal={Journal of the ACM (JACM)},
    volume={11},
    number={4},
    pages={481--494},
    year={1964},
    publisher={ACM New York, NY, USA},
}

@article{brzozowski1980equations,
    title={On equations for regular languages, finite automata, and sequential networks},
    author={Brzozowski, Janusz A. and Leiss, Ernst},
    journal={Theoretical Computer Science},
    volume={10},
    number={1},
    pages={19--35},
    year={1980},
    publisher={Elsevier}
}

@article{antimirov1996partial,
    title={Partial derivatives of regular expressions and finite automaton constructions},
    author={Antimirov, Valentin},
    journal={Theoretical Computer Science},
    volume={155},
    number={2},
    pages={291--319},
    year={1996},
    publisher={Elsevier}
}

@article{berry1986regular,
    url = {https://core.ac.uk/reader/82374120?download=false},
    title={From regular expressions to deterministic automata},
    author={Berry, Gerard and Sethi, Ravi},
    journal={Theoretical computer science},
    volume={48},
    pages={117--126},
    year={1986},
    publisher={Elsevier},
}

@misc{shrivastava2020onthefly,
    url={https://arxiv.org/pdf/2003.11768.pdf},
    title={On-the-Fly Adaptation of Source Code Models using Meta-Learning},
    author={Disha Shrivastava and Hugo Larochelle and Daniel Tarlow},
    year={2020},
    eprint={2003.11768},
    archivePrefix={arXiv},
    primaryClass={cs.LG}
}

@inproceedings{cho2002fast,
    url={http://wonconsulting.com/~cho/papers/cho-regex.pdf},
    title={A fast regular expression indexing engine},
    author={Cho, Junghoo and Rajagopalan, Sridhar},
    booktitle={Proceedings 18th International Conference on Data Engineering},
    pages={419--430},
    year={2002},
    organization={IEEE}
}


@incollection{giles1992extracting,
    url = {http://papers.nips.cc/paper/555-extracting-and-learning-an-unknown-grammar-with-recurrent-neural-networks.pdf},
    title = {Extracting and Learning an Unknown Grammar with Recurrent Neural Networks},
    author = {Giles, C. L. and Miller, C. B. and Chen, D. and Sun, G. Z. and Chen, H. H. and Lee, Y. C.},
    booktitle = {Advances in Neural Information Processing Systems 4},
    editor = {J. E. Moody and S. J. Hanson and R. P. Lippmann},
    pages = {317--324},
    year = {1992},
    publisher = {Morgan-Kaufmann},
}

@article{sun2017neural,
    url={https://arxiv.org/pdf/1711.05738.pdf},
    title={The neural network pushdown automaton: Model, stack and learning simulations},
    author={Sun, Guo-Zheng and Giles, C Lee and Chen, Hsing-Hen and Lee, Yee-Chun},
    journal={arXiv preprint arXiv:1711.05738},
    year={2017}
}

@article{pitt1993minimum,
    url = {https://doi.org/10.1145/138027.138042},
    author = {Pitt, Leonard and Warmuth, Manfred K.},
    title = {The Minimum Consistent DFA Problem Cannot Be Approximated within Any Polynomial},
    year = {1993},
    issue_date = {Jan. 1993},
    publisher = {Association for Computing Machinery},
    address = {New York, NY, USA},
    volume = {40},
    number = {1},
    issn = {0004-5411},
    doi = {10.1145/138027.138042},
    journal = {J. ACM},
    month = jan,
    pages = {95–142},
    numpages = {48},
}

@article{parekh2000grammar,
    url={http://web.cs.iastate.edu/~honavar/Papers/gi.pdf},
    title={Grammar inference, automata induction, and language acquisition},
    author={Parekh, Rajesh and Honavar, Vasant and others},
    journal={Handbook of natural language processing},
    pages={727--764},
    year={2000},
    publisher={Marcel Dekker}
}

@incollection{furst2020graph,
    url={https://doi.org/10.1016/bs.adcom.2019.07.003},
    title={Graph grammar induction},
    author={F{\"u}rst, Luka and Mernik, Marjan and Mahni{\v{c}}, Viljan},
    booktitle={Advances in Computers},
    volume={116},
    number={1},
    pages={133--181},
    year={2020},
    publisher={Elsevier}
}

@article{parekh2001learning,
    url={https://doi.org/10.1023/A:1010822518073},
    title={Learning DFA from simple examples},
    author={Parekh, Rajesh and Honavar, Vasant},
    journal={Machine Learning},
    volume={44},
    number={1-2},
    pages={9--35},
    year={2001},
    publisher={Springer}
}

@article{soru2018neural,
    url = {https://uclnlp.github.io/nampi/extended_abstracts/soru.pdf},
    title={Neural Machine Translation for Query Construction and Composition},
    author={Soru, Tommaso and Marx, Edgard and Valdestilhas, Andr{\'e} and Esteves, Diego and Moussallem, Diego and Publio, Gustavo},
    journal={arXiv preprint arXiv:1806.10478},
    year={2018}
}

@inproceedings{karampatziakis2004navigation,
    url={http://users.iit.demokritos.gr/~paliourg/old/papers/ICGI2004b.pdf},
    title={Navigation pattern discovery using grammatical inference},
    author={Karampatziakis, Nikolaos and Paliouras, Georgios and Pierrakos, Dimitrios and Stamatopoulos, Panagiotis},
    booktitle={International Colloquium on Grammatical Inference},
    pages={187--198},
    year={2004},
    organization={Springer}
}

@article{cohen2017inducing,
    url={https://arxiv.org/pdf/1710.10453.pdf},
    title={Inducing regular grammars using recurrent neural networks},
    author={Cohen, Mor and Caciularu, Avi and Rejwan, Idan and Berant, Jonathan},
    journal={arXiv preprint arXiv:1710.10453},
    year={2017}
}

@inproceedings{devlin2017robustfill,
    url={https://dl.acm.org/doi/pdf/10.5555/3305381.3305484?download=true},
    title={Robustfill: Neural program learning under noisy i/o},
    author={Devlin, Jacob and Uesato, Jonathan and Bhupatiraju, Surya and Singh, Rishabh and Mohamed, Abdel-rahman and Kohli, Pushmeet},
    booktitle={Proceedings of the 34th International Conference on Machine Learning-Volume 70},
    pages={990--998},
    year={2017},
    organization={JMLR. org}
}

@inproceedings{brazma1995learning,
    title={Learning of regular expressions by pattern matching},
    author={Br{\=a}zma, Alvis},
    booktitle={European Conference on Computational Learning Theory},
    pages={392--403},
    year={1995},
    organization={Springer}
}

@article{chen2019multi,
    title={Multi-Modal Synthesis of Regular Expressions},
    author={Chen, Qiaochu and Wang, Xinyu and Ye, Xi and Durrett, Greg and Dillig, Isil},
    journal={arXiv preprint arXiv:1908.03316},
    year={2019}
}

@article{bartoli2014automatic,
    title={Automatic synthesis of regular expressions from examples},
    author={Bartoli, Alberto and Davanzo, Giorgio and De Lorenzo, Andrea and Medvet, Eric and Sorio, Enrico},
    journal={Computer},
    volume={47},
    number={12},
    pages={72--80},
    year={2014},
    publisher={IEEE}
}

@article{bartoli2017active,
    title={Active learning of regular expressions for entity extraction},
    author={Bartoli, Alberto and De Lorenzo, Andrea and Medvet, Eric and Tarlao, Fabiano},
    journal={IEEE transactions on cybernetics},
    volume={48},
    number={3},
    pages={1067--1080},
    year={2017},
    publisher={IEEE}
}

@inproceedings{zhang2018regular,
    title={Regular expression guided entity mention mining from noisy web data},
    author={Zhang, Shanshan and He, Lihong and Vucetic, Slobodan and Dragut, Eduard},
    booktitle={Proceedings of the 2018 Conference on Empirical Methods in Natural Language Processing},
    pages={1991--2000},
    year={2018}
}

@article{locascio2016neural,
    title={Neural generation of regular expressions from natural language with minimal domain knowledge},
    author={Locascio, Nicholas and Narasimhan, Karthik and DeLeon, Eduardo and Kushman, Nate and Barzilay, Regina},
    journal={arXiv preprint arXiv:1608.03000},
    year={2016}
}

@article{grachev2017neural,
    title={Neural network for synthesizing deterministic finite automata},
    author={Grachev, Petr and Lobanov, Igor and Smetannikov, Ivan and Filchenkov, Andrey},
    journal={Procedia computer science},
    volume={119},
    pages={73--82},
    year={2017},
    publisher={Elsevier}
}

@article{omlin1996constructing,
    title={Constructing deterministic finite-state automata in recurrent neural networks},
    author={Omlin, Christian W and Giles, C Lee},
    journal={Journal of the ACM (JACM)},
    volume={43},
    number={6},
    pages={937--972},
    year={1996},
    publisher={ACM New York, NY, USA}
}

@article{yaghmazadeh2017sqlizer,
    title={SQLizer: query synthesis from natural language},
    author={Yaghmazadeh, Navid and Wang, Yuepeng and Dillig, Isil and Dillig, Thomas},
    journal={Proceedings of the ACM on Programming Languages},
    volume={1},
    number={OOPSLA},
    pages={1--26},
    year={2017},
    publisher={ACM New York, NY, USA}
}

@article{erwig2001inductive,
    title={Inductive graphs and functional graph algorithms},
    author={Erwig, Martin},
    journal={Journal of Functional Programming},
    volume={11},
    number={5},
    pages={467--492},
    year={2001},
    publisher={Citeseer},
    url = {http://citeseerx.ist.psu.edu/viewdoc/download?doi=10.1.1.28.9377&rep=rep1&type=pdf},
}

@book{gondran2008graphs,
    title={Graphs, dioids and semirings: new models and algorithms},
    author={Gondran, Michel and Minoux, Michel},
    year={2008},
    publisher={Springer Science \& Business Media}
}

@article{baras2010path,
    title={Path problems in networks},
    author={Baras, John S and Theodorakopoulos, George},
    journal={Synthesis Lectures on Communication Networks},
    volume={3},
    number={1},
    year={2010},
    publisher={Morgan \& Claypool Publishers}
}

@article{shinavier2019algebraic,
    title={Algebraic property graphs},
    author={Shinavier, Joshua and Wisnesky, Ryan},
    journal={arXiv preprint arXiv:1909.04881},
    year={2019},
    url = {https://arxiv.org/pdf/1909.04881.pdf},
}

@article{clark2020electra,
    title={Electra: Pre-training text encoders as discriminators rather than generators},
    author={Clark, Kevin and Luong, Minh-Thang and Le, Quoc V and Manning, Christopher D},
    journal={arXiv preprint arXiv:2003.10555},
    year={2020},
    url = {https://arxiv.org/pdf/2003.10555.pdf},
}

@article{greenman2014getting,
    title={Getting F-bounded polymorphism into shape},
    author={Greenman, Ben and Muehlboeck, Fabian and Tate, Ross},
    journal={ACM SIGPLAN Notices},
    volume={49},
    number={6},
    pages={89--99},
    year={2014},
    publisher={ACM New York, NY, USA},
    url = {https://www.cs.cornell.edu/~blg59/resources/doc/effing-bound-polymorphism.pdf},
}

@article{bakinova2020formal,
    title={Formal languages over GF(2)},
    author={Bakinova, Ekaterina and Basharin, Artem and Batmanov, Igor and Lyubort, Konstantin and Okhotin, Alexander and Sazhneva, Elizaveta},
    journal={Information and Computation},
    pages={104672},
    year={2020},
    publisher={Elsevier},
    url = {https://users.math-cs.spbu.ru/~okhotin/papers/formal_languages_gf2.pdf},
}

@article{okhotin2001conjunctive,
    title={Conjunctive grammars},
    author={Okhotin, Alexander},
    journal={Journal of Automata, Languages and Combinatorics},
    volume={6},
    number={4},
    pages={519--535},
    year={2001},
    publisher={Citeseer}
}

@article{jansson2016certified,
    title={Certified context-free parsing: A formalisation of Valiant's algorithm in Agda},
    author={Jansson, Patrik and Bernardy, Jean-Philippe},
    journal={Logical Methods in Computer Science},
    volume={12},
    year={2016},
    publisher={Episciences. org},
    url = {https://arxiv.org/pdf/1601.07724.pdf},
}

@inproceedings{alman2021refined,
    title={A refined laser method and faster matrix multiplication},
    author={Alman, Josh and Williams, Virginia Vassilevska},
    booktitle={Proceedings of the 2021 ACM-SIAM Symposium on Discrete Algorithms (SODA)},
    pages={522--539},
    year={2021},
    organization={SIAM}
}

@article{harris2021improved,
    title={Improved algorithms for Boolean matrix multiplication via opportunistic matrix multiplication},
    author={Harris, David G},
    journal={arXiv preprint arXiv:2109.13335},
    year={2021},
    url = {https://arxiv.org/pdf/2109.13335.pdf},
}

@article{lee2002fast,
    title={Fast context-free grammar parsing requires fast boolean matrix multiplication},
    author={Lee, Lillian},
    journal={Journal of the ACM (JACM)},
    volume={49},
    number={1},
    pages={1--15},
    year={2002},
    publisher={ACM New York, NY, USA},
    url = {https://arxiv.org/pdf/cs/0112018.pdf},
}

@article{boykin2014summingbird,
    title={Summingbird: A framework for integrating batch and online mapreduce computations},
    author={Boykin, Oscar and Ritchie, Sam and O'Connell, Ian and Lin, Jimmy},
    journal={Proceedings of the VLDB Endowment},
    volume={7},
    number={13},
    pages={1441--1451},
    year={2014},
    publisher={VLDB Endowment}
}

@article{goodman1999semiring,
    title={Semiring parsing},
    author={Goodman, Joshua},
    journal={Computational Linguistics},
    volume={25},
    number={4},
    pages={573--606},
    year={1999},
    url = {https://aclanthology.org/J99-4004.pdf},
}

@inproceedings{gibbons2017aplicative,
    title={Aplicative programming with Naperian functors},
    author={Gibbons, Jeremy},
    booktitle={European Symposium on Programming},
    year={2017},
    url = {https://www.cs.ox.ac.uk/people/jeremy.gibbons/publications/aplicative.pdf},
}

@article{saxena2004primitive,
    title={Primitive polynomial generation algorithms implementation and performance analysis},
    author={Saxena, Nirmal R and Mccluskey, Edward J},
    journal={CRC Technical Report},
    year={2004},
    url = {http://crc.stanford.edu/crc_papers/CRC-TR-04-03.pdf},
}

@inproceedings{bird1998nested,
    title={Nested datatypes},
    author={Bird, Richard and Meertens, Lambert},
    booktitle={International Conference on Mathematics of Program Construction},
    pages={52--67},
    year={1998},
    organization={Springer},
    url = {http://www.cs.ox.ac.uk/richard.bird/online/BirdMeertens98Nested.pdf},
}

@article{valiant1975general,
    title={General context-free recognition in less than cubic time},
    author={Valiant, Leslie G},
    journal={Journal of computer and system sciences},
    volume={10},
    number={2},
    pages={308--315},
    year={1975},
    publisher={Academic Press},
    url = {http://people.csail.mit.edu/virgi/6.s078/papers/valiant.pdf},
}

@phdthesis{peharz2015foundations,
    title={Foundations of sum-product networks for probabilistic modeling},
    author={Peharz, Robert},
    year={2015},
    school={PhD thesis, Medical University of Graz},
    url = {https://diglib.tugraz.at/download.php?id=576a7b8cc939f&location=browse},
}

@book{brualdi1991combinatorial,
    title={Combinatorial matrix theory},
    author={Brualdi, Richard A and Ryser, Herbert John and others},
    volume={39},
    year={1991},
    publisher={Springer}
}

@inproceedings{deep2020fast,
    title={Fast join project query evaluation using matrix multiplication},
    author={Deep, Shaleen and Hu, Xiao and Koutris, Paraschos},
    booktitle={Proceedings of the 2020 ACM SIGMOD International Conference on Management of Data},
    pages={1213--1223},
    year={2020}
}

@inproceedings{pientka2005tabling,
    title={Tabling for higher-order logic programming},
    author={Pientka, Brigitte},
    booktitle={International Conference on Automated Deduction},
    pages={54--68},
    year={2005},
    organization={Springer},
    url = {https://www.cs.mcgill.ca/~bpientka/papers/eftab-long.pdf},
}

@incollection{chomsky1959algebraic,
    title={The algebraic theory of context-free languages},
    author={Chomsky, Noam and Sch{\"u}tzenberger, Marcel P},
    booktitle={Studies in Logic and the Foundations of Mathematics},
    volume={26},
    pages={118--161},
    year={1959},
    publisher={Elsevier}
}

@article{roth2021study,
    title={Study of the Subtyping Machine of Nominal Subtyping with Variance},
    author={Roth, Ori},
    journal={arXiv preprint arXiv:2109.03950},
    year={2021},
    url = {https://arxiv.org/pdf/2109.03950.pdf},
}

@article{spitters2011type,
    title={Type classes for mathematics in type theory},
    author={Spitters, Bas and Van der Weegen, Eelis},
    journal={Mathematical Structures in Computer Science},
    volume={21},
    number={4},
    pages={795--825},
    year={2011},
    publisher={Cambridge University Press},
    url = {https://arxiv.org/pdf/1102.1323.pdf},
}


@article{pfenning1988higher,
    title={Higher-order abstract syntax},
    author={Pfenning, Frank and Elliott, Conal},
    journal={ACM sigplan notices},
    volume={23},
    number={7},
    pages={199--208},
    year={1988},
    publisher={ACM New York, NY, USA},
    url = {https://www.cs.cmu.edu/~fp/papers/pldi88.pdf},
}

@article{pavlidis1972linear,
    title={Linear and context-free graph grammars},
    author={Pavlidis, Theodosios},
    journal={Journal of the ACM (JACM)},
    volume={19},
    number={1},
    pages={11--22},
    year={1972},
    publisher={ACM New York, NY, USA}
}

@incollection{klein2013linear,
    title={Linear feedback shift registers},
    author={Klein, Andreas},
    booktitle={Stream Ciphers},
    url = {https://link.springer.com/content/pdf/10.1007/978-1-4471-5079-4.pdf},
}

@incollection{codd2002relational,
    title={A relational model of data for large shared data banks},
    author={Codd, Edgar F},
    booktitle={Software pioneers},
    pages={263--294},
    year={2002},
    publisher={Springer},
    url = {https://www.seas.upenn.edu/~zives/03f/cis550/codd.pdf},
}

@inproceedings{valiant1979completeness,
    title={Completeness classes in algebra},
    author={Valiant, Leslie G},
    booktitle={Proceedings of the eleventh annual ACM symposium on Theory of computing},
    pages={249--261},
    year={1979},
    url = {https://dl.acm.org/doi/pdf/10.1145/800135.804419},
}

@article{valiant1992boolean,
    title={Why is Boolean complexity theory difficult},
    author={Valiant, Leslie G},
    journal={Boolean Function Complexity},
    volume={169},
    number={84-94},
    pages={4},
    year={1992},
    url = {http://people.seas.harvard.edu/~valiant/whybool.pdf},
}

@book{dolan2016algebraic,
    title={Algebraic subtyping},
    author={Dolan, Stephen},
    year={2016},
    school = {Cambridge University},
    url = {https://www.cs.tufts.edu/~nr/cs257/archive/stephen-dolan/thesis.pdf},
}

@article{kennedy2005generalized,
    title={Generalized algebraic data types and object-oriented programming},
    author={Kennedy, Andrew and Russo, Claudio V},
    journal={ACM SIGPLAN Notices},
    volume={40},
    number={10},
    pages={21--40},
    year={2005},
    publisher={ACM New York, NY, USA}
}

@article{chamberlin2012early,
    title={Early history of SQL},
    author={Chamberlin, Donald D},
    journal={IEEE Annals of the History of Computing},
    volume={34},
    number={4},
    pages={78--82},
    year={2012},
    publisher={IEEE},
    url = {https://ieeexplore.ieee.org/stamp/stamp.jsp?arnumber=6359709},
}

@phdthesis{malcolm1990algebraic,
    title={Algebraic data types and program transformation},
    author={Malcolm, Grant Reynold},
    year={1990},
    school={Rijksuniversiteit Groningen}
}

@incollection{schwenk1974computing,
    title={Computing the characteristic polynomial of a graph},
    author={Schwenk, Allen J},
    booktitle={Graphs and combinatorics},
    pages={153--172},
    year={1974},
    publisher={Springer}
}

@article{cayley1854groups,
    title={On the theory of groups, as depending on the symbolic equation $\theta^n=1$},
    author={Cayley, Arthur},
    journal={The London, Edinburgh, and Dublin Philosophical Magazine and Journal of Science},
    volume={7},
    number={42},
    pages={40--47},
    year={1854},
    publisher={Taylor \& Francis},
    url = {https://doi.org/10.1080/14786445408647421},
}

@article{muller1983groups,
    title={Groups, the theory of ends, and context-free languages},
    author={Muller, David E and Schupp, Paul E},
    journal={Journal of Computer and system sciences},
    volume={26},
    number={3},
    pages={295--310},
    year={1983},
    publisher={Academic Press}
}

@article{anisimov1971group,
    title={Group languages},
    author={Anisimov, Anatoly},
    journal={Cybernetics},
    pages={594--601},
    year={1971},
    publisher={Springer},
    url = {https://link.springer.com/content/pdf/10.1007/BF01071030.pdf},
}

@article{aho1972minimum,
    title={A minimum distance error-correcting parser for context-free languages},
    author={Aho, Alfred V and Peterson, Thomas G},
    journal={SIAM Journal on Computing},
    volume={1},
    number={4},
    pages={305--312},
    year={1972},
    publisher={SIAM}
}

@article{bringmann2019truly,
    title={Truly subcubic algorithms for language edit distance and RNA folding via fast bounded-difference min-plus product},
    author={Bringmann, Karl and Grandoni, Fabrizio and Saha, Barna and Williams, Virginia Vassilevska},
    journal={SIAM Journal on Computing},
    volume={48},
    number={2},
    pages={481--512},
    year={2019},
    publisher={SIAM}
}

@inproceedings{raselimo2021automatic,
    author = {Raselimo, Moeketsi and Fischer, Bernd},
    title = {Automatic Grammar Repair},
    year = {2021},
    isbn = {9781450391115},
    publisher = {Association for Computing Machinery},
    address = {New York, NY, USA},
    url = {https://doi.org/10.1145/3486608.3486910},
    doi = {10.1145/3486608.3486910},
    abstract = {We describe the first approach to automatically repair bugs in context-free grammars: given a grammar that fails some tests in a given test suite, we iteratively and gradually transform the grammar until it passes all tests. Our core idea is to build on spectrum-based fault localization to identify promising repair sites (i.e., specific positions in rules), and to apply grammar patches at these sites whenever they satisfy explicitly formulated pre-conditions necessary to potentially improve the grammar. We have implemented this approach in the gfixr system, and successfully used it to fix grammars students submitted as homeworks in a compiler engineering course, and to map one Pascal dialect grammar against another dialect. gfixr can be configured to explore the repair space in different ways, and can also take advantage of counterexamples to enable restriction patches that make the grammar less permissive.},
    booktitle = {Proceedings of the 14th ACM SIGPLAN International Conference on Software Language Engineering},
    pages = {126–142},
    numpages = {17},
    keywords = {Program repair, Fault localization},
    location = {Chicago, IL, USA},
    series = {SLE 2021}
}

@inproceedings{osorio2001decision,
    title={Decision problem of substrings in Context Free Languages},
    author={Osorio, Mauricio and Navarro, Juan Antonio},
    booktitle={Memorias del X Congreso Interna-cional de Computacion},
    pages={239--249},
    year={2001},
    organization={Citeseer}
}

@article{diekmann2018dont,
    title={Don't Panic! Better, Fewer, Syntax Errors for LR Parsers},
    author={Diekmann, Lukas and Tratt, Laurence},
    journal={arXiv preprint arXiv:1804.07133},
    year={2018}
}

@inproceedings{de2012automated,
    title={Automated evaluation of syntax error recovery},
    author={De Jonge, Maartje and Visser, Eelco},
    booktitle={Proceedings of the 27th IEEE/ACM International Conference on Automated Software Engineering},
    year={2012}
}

@article{kats2009providing,
    title={Providing rapid feedback in generated modular language environments: adding error recovery to scannerless generalized-LR parsing},
    author={Kats, Lennart CL and de Jonge, Maartje and Nilsson-Nyman, Emma and Visser, Eelco},
    journal={ACM SIGPLAN Notices},
    volume={44},
    number={10},
    pages={445--464},
    year={2009},
    publisher={ACM New York, NY, USA}
}

@article{melski1997interconvertbility,
    title={Interconvertbility of set constraints and context-free language reachability},
    author={Melski, David and Reps, Thomas},
    journal={ACM SIGPLAN Notices},
    volume={32},
    number={12},
    pages={74--89},
    year={1997},
    publisher={ACM New York, NY, USA}
}

@inproceedings{yasunaga2021break,
    title={Break-it-fix-it: Unsupervised learning for program repair},
    author={Yasunaga, Michihiro and Liang, Percy},
    booktitle={International Conference on Machine Learning},
    pages={11941--11952},
    year={2021},
    organization={PMLR}
}


@inproceedings{cotterell+al.acl14,
    title = {Stochastic Contextual Edit Distance and Probabilistic FSTs},
    author = {Cotterell, Ryan and Peng, Nanyun and Eisner, Jason},
    booktitle = {Proceedings of the 52nd Annual Meeting of the Association for Computational Linguistics},
    month = {June},
    year = {2014},
    address = {Baltimore, Maryland},
    publisher = {Association for Computational Linguistics},
    pages = {625--630},
    volume = {2 (Short Papers)},
}

@article{schulz2002fast,
    title={Fast string correction with Levenshtein automata},
    author={Schulz, Klaus U and Mihov, Stoyan},
    journal={International Journal on Document Analysis and Recognition},
    volume={5},
    pages={67--85},
    year={2002},
    publisher={Springer}
}

@inproceedings{szudzik2006elegant,
    title={An elegant pairing function},
    author={Szudzik, Matthew},
    booktitle={Special NKS 2006 Wolfram Science Conference},
    pages={1--12},
    year={2006}
}

@inproceedings{azimov2018cfpq,
    title={Context-free path querying by matrix multiplication},
    author={Azimov, Rustam and Grigorev, Semyon},
    booktitle={Proceedings of the 1st ACM SIGMOD Joint International Workshop on Graph Data Management Experiences \& Systems (GRADES) and Network Data Analytics (NDA)},
    pages={1--10},
    year={2018}
}

@inproceedings{dantoni2014minimization,
    title={Minimization of symbolic automata},
    author={D'Antoni, Loris and Veanes, Margus},
    booktitle={Proceedings of the 41st ACM SIGPLAN-SIGACT Symposium on Principles of Programming Languages},
    pages={541--553},
    year={2014}
}

@inproceedings{kiezun2009hampi,
    title={HAMPI: a solver for string constraints},
    author={Kiezun, Adam and Ganesh, Vijay and Guo, Philip J and Hooimeijer, Pieter and Ernst, Michael D},
    booktitle={Proceedings of the eighteenth international symposium on Software testing and analysis},
    pages={105--116},
    year={2009}
}

@inproceedings{axelsson2008analyzing,
    title={Analyzing context-free grammars using an incremental SAT solver},
    author={Axelsson, Roland and Heljanko, Keijo and Lange, Martin},
    booktitle={Automata, Languages and Programming: 35th International Colloquium, ICALP 2008, Reykjavik, Iceland, July 7-11, 2008, Proceedings, Part II 35},
    pages={410--422},
    year={2008},
    organization={Springer}
}

@article{earley1970efficient,
    title={An efficient context-free parsing algorithm},
    author={Earley, Jay},
    journal={Communications of the ACM},
    volume={13},
    number={2},
    pages={94--102},
    year={1970},
    publisher={ACM New York, NY, USA}
}

@inproceedings{sakai1961syntax,
    title={Syntax in universal translation},
    author={Sakai, Itiroo},
    booktitle={Proceedings of the International Conference on Machine Translation and Applied Language Analysis},
    year={1961}
}

@article{okhotin2010decision,
    title={Decision problems for language equations},
    author={Okhotin, Alexander},
    journal={Journal of Computer and System Sciences},
    volume={76},
    number={3-4},
    pages={251--266},
    year={2010},
    publisher={Elsevier}
}

@article{ginsburg1962two,
    title={Two families of languages related to ALGOL},
    author={Ginsburg, Seymour and Rice, H Gordon},
    journal={Journal of the ACM (JACM)},
    volume={9},
    number={3},
    pages={350--371},
    year={1962},
    publisher={ACM New York, NY, USA}
}

@article{rosenkrantz1967matrix,
    title={Matrix equations and normal forms for context-free grammars},
    author={Rosenkrantz, Daniel J},
    journal={Journal of the ACM (JACM)},
    volume={14},
    number={3},
    pages={501--507},
    year={1967},
    publisher={ACM New York, NY, USA}
}

@article{might2011parsing,
    title={Parsing with derivatives: a functional pearl},
    author={Might, Matthew and Darais, David and Spiewak, Daniel},
    journal={ACM sigplan notices},
    volume={46},
    number={9},
    pages={189--195},
    year={2011},
    publisher={ACM New York, NY, USA}
}

@inproceedings{adams2016complexity,
    title={On the complexity and performance of parsing with derivatives},
    author={Adams, Michael D and Hollenbeck, Celeste and Might, Matthew},
    booktitle={Proceedings of the 37th ACM SIGPLAN Conference on Programming Language Design and Implementation},
    pages={224--236},
    year={2016}
}

@inproceedings{brzozowski1962canonical,
    title={Canonical regular expressions and minimal state graphs for definite events},
    author={Brzozowski, Janusz A},
    booktitle={Proc. Symposium of Mathematical Theory of Automata},
    pages={529--561},
    year={1962}
}

@inproceedings{wong2019syntax,
    title={Syntax and Stack Overflow: A methodology for extracting a corpus of syntax errors and fixes},
    author={Wong, Alexander William and Salimi, Amir and Chowdhury, Shaiful and Hindle, Abram},
    booktitle={2019 IEEE International Conference on Software Maintenance and Evolution (ICSME)},
    pages={318--322},
    year={2019},
    organization={IEEE}
}

@article{zeller2002isolating,
    title={Isolating cause-effect chains from computer programs},
    author={Zeller, Andreas},
    journal={ACM SIGSOFT Software Engineering Notes},
    volume={27},
    number={6},
    pages={1--10},
    year={2002},
    publisher={ACM New York, NY, USA}
}

@article{sakkas2022seq2parse,
    title={Seq2Parse: neurosymbolic parse error repair},
    author={Sakkas, Georgios and Endres, Madeline and Guo, Philip J and Weimer, Westley and Jhala, Ranjit},
    journal={Proceedings of the ACM on Programming Languages},
    volume={6},
    number={OOPSLA2},
    pages={1180--1206},
    year={2022},
    publisher={ACM New York, NY, USA}
}

@article{ruth2023levenshtein,
    title = {Levenshtein graphs: Resolvability, automorphisms & determining sets},
    journal = {Discrete Mathematics},
    volume = {346},
    number = {5},
    pages = {113310},
    year = {2023},
    issn = {0012-365X},
    doi = {https://doi.org/10.1016/j.disc.2022.113310},
    url = {https://www.sciencedirect.com/science/article/pii/S0012365X22005167},
    author = {Perrin E. Ruth and Manuel E. Lladser},
}

@inbook{knuth2005taocp,
    author={Knuth, D. E.},
    title={Generating All Combinations and Partitions},
    booktitle={The Art of Computer Programming, Volume 4A: Combinatorial Algorithms},
    publisher={Addison-Wesley},
    year={2005},
    pages={5-6},
    isbn={0-201-85394-9}
}

@article{titsias2017hamming,
    title={The Hamming ball sampler},
    author={Titsias, Michalis K and Yau, Christopher},
    journal={Journal of the American Statistical Association},
    volume={112},
    number={520},
    pages={1598--1611},
    year={2017},
    publisher={Taylor \& Francis}
}

@inproceedings{barlev2021levenshtein,
    author={Bar-Lev, Daniella and Etzion, Tuvi and Yaakobi, Eitan},
    booktitle={2021 IEEE International Symposium on Information Theory (ISIT)},
    title={On Levenshtein Balls with Radius One},
    year={2021},
    volume={},
    number={},
    pages={1979-1984},
    doi={10.1109/ISIT45174.2021.9517922}
}

@article{dong2023number,
    title={On the number of error correcting codes},
    DOI={10.1017/S0963548323000111},
    journal={Combinatorics, Probability and Computing},
    publisher={Cambridge University Press},
    author={Dong, Dingding and Mani, Nitya and Zhao, Yufei},
    year={2023},
    pages={1–14}
}

@article{becerra2008learning,
    title={Learning Balls of Strings from Edit Corrections.},
    author={Becerra-Bonache, Leonor and de La Higuera, Colin and Janodet, Jean-Christophe and Tantini, Fr{\'e}d{\'e}ric},
    journal={Journal of Machine Learning Research},
    volume={9},
    number={8},
    year={2008}
}

@article{irons1963error,
    author = {Irons, E. T.},
    title = {An Error-Correcting Parse Algorithm},
    year = {1963},
    issue_date = {Nov. 1963},
    publisher = {Association for Computing Machinery},
    address = {New York, NY, USA},
    volume = {6},
    number = {11},
    issn = {0001-0782},
    url = {https://doi.org/10.1145/368310.368385},
    doi = {10.1145/368310.368385},
    journal = {Commun. ACM},
    month = {nov},
    pages = {669–673},
    numpages = {5}
}

@inproceedings{zhang2013fast,
    title={Fast algorithms for Dyck-CFL-reachability with applications to alias analysis},
    author={Zhang, Qirun and Lyu, Michael R and Yuan, Hao and Su, Zhendong},
    booktitle={Proceedings of the 34th ACM SIGPLAN conference on Programming language design and implementation},
    pages={435--446},
    year={2013}
}

@inproceedings{zhang2017context,
    title={Context-sensitive data-dependence analysis via linear conjunctive language reachability},
    author={Zhang, Qirun and Su, Zhendong},
    booktitle={Proceedings of the 44th ACM SIGPLAN Symposium on Principles of Programming Languages},
    pages={344--358},
    year={2017}
}

@article{parikh1966context,
    author = {Parikh, Rohit J.},
    title = {On Context-Free Languages},
    year = {1966},
    issue_date = {Oct. 1966},
    publisher = {Association for Computing Machinery},
    address = {New York, NY, USA},
    volume = {13},
    number = {4},
    issn = {0004-5411},
    url = {https://doi.org/10.1145/321356.321364},
    doi = {10.1145/321356.321364},
    journal = {J. ACM},
    month = {oct},
    pages = {570–581},
    numpages = {12}
}

@article{efraimidis2015weighted,
    title={Weighted random sampling over data streams},
    author={Efraimidis, Pavlos S},
    journal={Algorithms, Probability, Networks, and Games: Scientific Papers and Essays Dedicated to Paul G. Spirakis on the Occasion of His 60th Birthday},
    pages={183--195},
    year={2015},
    publisher={Springer}
}

@inproceedings{schulz2008vomc,
    title={Fast and adaptive variable order Markov chain construction},
    author={Schulz, Marcel H and Weese, David and Rausch, Tobias and D{\"o}ring, Andreas and Reinert, Knut and Vingron, Martin},
    booktitle={Algorithms in Bioinformatics: 8th International Workshop, WABI 2008, Karlsruhe, Germany, September 15-19, 2008. Proceedings 8},
    pages={306--317},
    year={2008},
    organization={Springer}
}

@inproceedings{drain2021generating,
    title={Generating bug-fixes using pretrained transformers},
    author={Drain, Dawn and Wu, Chen and Svyatkovskiy, Alexey and Sundaresan, Neel},
    booktitle={Proceedings of the 5th ACM SIGPLAN International Symposium on Machine Programming},
    pages={1--8},
    year={2021}
}

@inproceedings{chirkova2021empirical,
    title={Empirical study of transformers for source code},
    author={Chirkova, Nadezhda and Troshin, Sergey},
    booktitle={Proceedings of the 29th ACM joint meeting on European software engineering conference and symposium on the foundations of software engineering},
    pages={703--715},
    year={2021}
}

@article{merrill2022saturated,
    title={Saturated transformers are constant-depth threshold circuits},
    author={Merrill, William and Sabharwal, Ashish and Smith, Noah A},
    journal={Transactions of the Association for Computational Linguistics},
    volume={10},
    pages={843--856},
    year={2022},
    publisher={MIT Press One Broadway, 12th Floor, Cambridge, Massachusetts 02142, USA~…}
}

@article{chiang2023tighter,
    title={Tighter Bounds on the Expressivity of Transformer Encoders},
    author={Chiang, David and Cholak, Peter and Pillay, Anand},
    journal={arXiv preprint arXiv:2301.10743},
    year={2023}
}

@article{allamanis2021self,
    title={Self-supervised bug detection and repair},
    author={Allamanis, Miltiadis and Jackson-Flux, Henry and Brockschmidt, Marc},
    journal={Advances in Neural Information Processing Systems},
    volume={34},
    pages={27865--27876},
    year={2021}
}

@misc{apache2022datasketches,
    author = {{Apache Software Foundation}},
    title = {{Apache DataSketches}},
    year = {2022},
    howpublished = {\url{https://datasketches.apache.org/}},
}